@Book{tro,
 author = {Troltzsch, Fredi},
 title = {Optimal control of partial differential equations : theory, methods, and applications},
 publisher = {American Mathematical Society},
 year = {2010},
 address = {Providence, R.I},
 isbn = {978-0-8218-4904-0}
 }
 
 @Book{reyes2015numerical,
 author = {Reyes, Juan},
 title = {Numerical PDE-constrained optimization},
 publisher = {Springer},
 year = {2015},
 address = {Cham},
 isbn = {978-3-319-13395-9}
 }
 
 @Book{hinze2009optimization,
 author = {Hinze, Michael},
 title = {Optimization with PDE Constraints},
 publisher = {Springer},
 year = {2009},
 address = {New York},
 isbn = {978-1-4020-8839-1}
 }
 